@misc{javadiabhari2024quantum,
      title={Quantum computing with Qiskit},
      author={Ali Javadi-Abhari and Matthew Treinish and Kevin Krsulich and Christopher J. Wood and Jake Lishman and Julien Gacon and Simon Martiel and Paul D. Nation and Lev S. Bishop and Andrew W. Cross and Blake R. Johnson and Jay M. Gambetta},
      year={2024},
      eprint={2405.08810},
      archivePrefix={arXiv},
      primaryClass={quant-ph}
}
